 @article{schloter2022empirical,
  title={Empirical analysis of the depreciation of electric vehicles compared to gasoline vehicles},
  author={Schloter, Lukas},
  journal={Transport Policy},
  volume={126},
  pages={268--279},
  year={2022},
  publisher={Elsevier}
 }

@article{breetz2018electric,
  title={Do electric vehicles need subsidies? Ownership costs for conventional, hybrid, and electric vehicles in 14 US cities},
  author={Breetz, Hanna L and Salon, Deborah},
  journal={Energy Policy},
  volume={120},
  pages={238--249},
  year={2018},
  publisher={Elsevier}
}

@article{zang2022column,
  title={A column generation tailored to electric vehicle routing problem with nonlinear battery depreciation},
  author={Zang, Yongsen and Wang, Meiqin and Qi, Mingyao},
  journal={Computers \& Operations Research},
  volume={137},
  pages={105527},
  year={2022},
  publisher={Elsevier}
}

@article{rapson2023economics,
  title={The economics of electric vehicles},
  author={Rapson, David S and Muehlegger, Erich},
  journal={Review of Environmental Economics and Policy},
  volume={17},
  number={2},
  pages={274--294},
  year={2023},
  publisher={The University of Chicago Press Chicago, IL}
}
